@book{mitchell2006discipline,
  title={The discipline of machine learning},
  author={Mitchell, Tom Michael},
  year={2006},
  publisher={Carnegie Mellon University, School of Computer Science, Machine Learning Department}
}

@book{hastie2009elements,
  title={The elements of statistical learning},
  author={Hastie, Trevor and Tibshirani, Robert and Friedman},
  volume={2},
  number={1},
  year={2009},
  publisher={Springer}
}


@book{duda2012pattern,
  title={Pattern classification},
  author={Duda, Richard O and Hart, Peter E and Stork, David G},
  year={2012},
  publisher={John Wiley \& Sons}
}


@book{bishop2006pattern,
  title={Pattern recognition and machine learning},
  author={Bishop, Christopher M},
  year={2006},
  publisher={springer}
}


@article{ngo2012trace,
  title={The trace ratio optimization problem},
  author={Ngo, Thanh T and Bellalij, Mohammed and Saad, Yousef},
  journal={SIAM review},
  volume={54},
  number={3},
  pages={545--569},
  year={2012},
  publisher={SIAM}
}

@article{fisher1936use,
  title={The use of multiple measurements in taxonomic problems},
  author={Fisher, Ronald A},
  journal={Annals of eugenics},
  volume={7},
  number={2},
  pages={179--188},
  year={1936},
  publisher={Wiley Online Library}
}

@inproceedings{wang2007trace,
  title={Trace ratio vs. ratio trace for dimensionality reduction},
  author={Wang, Huan and Yan, Shuicheng and Xu, Dong and Tang, Xiaoou and Huang, Thomas},
  booktitle={Computer Vision and Pattern Recognition, 2007. CVPR'07. IEEE Conference on},
  pages={1--8},
  year={2007},
  organization={IEEE}
}

@article{xiang2008learning,
  title={Learning a Mahalanobis distance metric for data clustering and classification},
  author={Xiang, Shiming and Nie, Feiping and Zhang, Changshui},
  journal={Pattern Recognition},
  volume={41},
  number={12},
  pages={3600--3612},
  year={2008},
  publisher={Elsevier}
}

@incollection{shen2007convex,
  title={A convex programming approach to the trace quotient problem},
  author={Shen, Chunhua and Li, Hongdong and Brooks, Michael J},
  booktitle={Computer Vision--ACCV 2007},
  pages={227--235},
  year={2007},
  publisher={Springer}
}

@book{fukunaga2013introduction,
  title={Introduction to statistical pattern recognition},
  author={Fukunaga, Keinosuke},
  year={2013},
  publisher={Academic press}
}

@article{petersen2008matrix,
  title={The matrix cookbook},
  author={Petersen, Kaare Brandt and Pedersen, Michael Syskind and others},
  journal={Technical University of Denmark},
  volume={7},
  pages={15},
  year={2008}
}

@book{golub2012matrix,
  title={Matrix computations},
  author={Golub, Gene H and Van Loan, Charles F},
  volume={3},
  year={2012},
  publisher={JHU Press}
}


@book{lanczos1988applied,
  title={Applied analysis},
  author={Lanczos, Cornelius},
  year={1988},
  publisher={Courier Corporation}
}


@book{demmel1997applied,
  title={Applied Numerical Linear Algebra},
  author={Demmel, J.W.},
  isbn={9780898713893},
  lccn={97017290},
  series={Miscellaneous Bks},
  url={https://books.google.com.mx/books?id=fjC2d0odoi8C},
  year={1997},
  publisher={Society for Industrial and Applied Mathematics}
}